<collection>
<record>
<leader>03661cjcaa22006857i 4500</leader>
<controlfield tag="001">23066393</controlfield>
<controlfield tag="005">20230605170509.0</controlfield>
<controlfield tag="007">st omn|m|||||e</controlfield>
<controlfield tag="008">230414i19561972xxu||| eng </controlfield>
<datafield ind1=" " ind2=" " tag="906">
<subfield code="a">7</subfield>
<subfield code="b">cbc</subfield>
<subfield code="c">orignew</subfield>
<subfield code="d">u</subfield>
<subfield code="e">ncip</subfield>
<subfield code="f">20</subfield>
<subfield code="g">y-folklife</subfield>
</datafield>
<datafield ind1=" " ind2=" " tag="955">
<subfield code="a">masmit 2023-04-14</subfield>
<subfield code="a">masmit 2023-04-17</subfield>
<subfield code="a">sludewig 2023-04-18</subfield>
<subfield code="a">masmit 2023-06-05</subfield>
</datafield>
<datafield ind1=" " ind2=" " tag="010">
<subfield code="a"> 2023655237</subfield>
</datafield>
<datafield ind1=" " ind2=" " tag="040">
<subfield code="a">DLC</subfield>
<subfield code="b">eng</subfield>
<subfield code="e">dacs</subfield>
<subfield code="c">DLC</subfield>
</datafield>
<datafield ind1=" " ind2=" " tag="043">
<subfield code="a">a-ii---</subfield>
</datafield>
<datafield ind1=" " ind2=" " tag="090">
<subfield code="a">AFC 2000/014</subfield>
</datafield>
<datafield ind1=" " ind2=" " tag="090">
<subfield code="a">
RXK 7229-7238 (sound tapes); RYS 2322-2332 (sound cassettes)
</subfield>
</datafield>
<datafield ind1="0" ind2="0" tag="245">
<subfield code="a">
Robert S. Gottlieb recordings of North Indian tabla,
</subfield>
<subfield code="f">1956-1972.</subfield>
</datafield>
<datafield ind1=" " ind2=" " tag="260">
<subfield code="c">1956-1972.</subfield>
</datafield>
<datafield ind1=" " ind2=" " tag="300">
<subfield code="3">whole collection</subfield>
<subfield code="a">approximately 94</subfield>
<subfield code="f">items</subfield>
</datafield>
<datafield ind1=" " ind2=" " tag="300">
<subfield code="3">sound recordings</subfield>
<subfield code="a">10 sound tape reels :</subfield>
<subfield code="b">analog ;</subfield>
<subfield code="c">5 in.</subfield>
</datafield>
<datafield ind1=" " ind2=" " tag="300">
<subfield code="3">sound recordings</subfield>
<subfield code="a">11 sound cassettes :</subfield>
<subfield code="b">analog</subfield>
</datafield>
<datafield ind1=" " ind2=" " tag="300">
<subfield code="3">manuscripts</subfield>
<subfield code="a">1</subfield>
<subfield code="f">linear inch</subfield>
</datafield>
<datafield ind1=" " ind2=" " tag="336">
<subfield code="a">performed music</subfield>
<subfield code="b">prm</subfield>
<subfield code="2">rdacontent</subfield>
</datafield>
<datafield ind1=" " ind2=" " tag="337">
<subfield code="a">audio</subfield>
<subfield code="b">s</subfield>
<subfield code="2">rdamedia</subfield>
</datafield>
<datafield ind1=" " ind2=" " tag="338">
<subfield code="a">audiotape reel</subfield>
<subfield code="b">st</subfield>
<subfield code="2">rdacarrier</subfield>
</datafield>
<datafield ind1=" " ind2=" " tag="338">
<subfield code="a">audiocassette</subfield>
<subfield code="b">ss</subfield>
<subfield code="2">rdacarrier</subfield>
</datafield>
<datafield ind1=" " ind2=" " tag="520">
<subfield code="a">
Ten 5-inch tapes and 11 audiocassettes of ethnographic field recordings of Tabla drumming of North India by various masters. Also includes interviews with the masters. Resulting publications include "North Indian Tabla Drumming" in Music of India/Anthology of World's Music, New York, 1975: LP by Inam Ali Khan with notes, illustrations, and transcriptions.
</subfield>
</datafield>
<datafield ind1="8" ind2=" " tag="524">
<subfield code="a">
Robert S. Gottlieb recordings of North Indian tabla (AFC 2000/014), American Folklife Center, Library of Congress, Washington, D.C.
</subfield>
</datafield>
<datafield ind1="0" ind2=" " tag="506">
<subfield code="a">
Collection is open for research. To request materials, please contact the Folklife Reading Room at
</subfield>
<subfield code="u">https://hdl.loc.gov/loc.afc/folklife.contact</subfield>
</datafield>
<datafield ind1=" " ind2=" " tag="540">
<subfield code="a">
Duplication of sound recordings may be governed by copyright and other restrictions.
</subfield>
</datafield>
<datafield ind1=" " ind2=" " tag="541">
<subfield code="a">Robert S. Gottlieb;</subfield>
<subfield code="c">Donation;</subfield>
<subfield code="d">2000.</subfield>
</datafield>
<datafield ind1=" " ind2=" " tag="545">
<subfield code="a">
Robert S. Gottlieb was an ethnomusicologist and professor of music at the University of California, Riverside and Evergreen State College. In addition to his work on tabla music in North India, he also studied the music of Sudan and Kathak dance music in South India.
</subfield>
</datafield>
<datafield ind1=" " ind2=" " tag="546">
<subfield code="a">Text in English and transliterated Hindi.</subfield>
</datafield>
<datafield ind1="0" ind2=" " tag="555">
<subfield code="a">Finding aid is available online</subfield>
<subfield code="u">https://hdl.loc.gov/loc.afc/eadafc.af023004</subfield>
</datafield>
<datafield ind1=" " ind2="0" tag="650">
<subfield code="a">Tabla</subfield>
<subfield code="z">India.</subfield>
</datafield>
<datafield ind1=" " ind2="0" tag="650">
<subfield code="a">Tabla music</subfield>
<subfield code="z">India.</subfield>
</datafield>
<datafield ind1=" " ind2="0" tag="650">
<subfield code="a">Tabla music</subfield>
<subfield code="x">Instruction and study.</subfield>
</datafield>
<datafield ind1=" " ind2="0" tag="650">
<subfield code="a">Tabla players</subfield>
<subfield code="z">India.</subfield>
</datafield>
<datafield ind1=" " ind2="0" tag="650">
<subfield code="a">Tabla players</subfield>
<subfield code="z">India</subfield>
<subfield code="v">Interviews.</subfield>
</datafield>
<datafield ind1=" " ind2="7" tag="655">
<subfield code="a">Field recordings.</subfield>
<subfield code="2">lcgft</subfield>
</datafield>
<datafield ind1=" " ind2="7" tag="655">
<subfield code="a">Interviews.</subfield>
<subfield code="2">lcgft</subfield>
</datafield>
<datafield ind1=" " ind2="7" tag="655">
<subfield code="a">Sound recordings.</subfield>
<subfield code="2">lcgft</subfield>
</datafield>
<datafield ind1="0" ind2=" " tag="700">
<subfield code="a">Alla Rakha,</subfield>
<subfield code="e">performer.</subfield>
</datafield>
<datafield ind1="1" ind2=" " tag="700">
<subfield code="a">Gottlieb, Robert S.,</subfield>
<subfield code="e">collector.</subfield>
</datafield>
<datafield ind1="1" ind2=" " tag="700">
<subfield code="a">Khan, Amir,</subfield>
<subfield code="c">Ustad,</subfield>
<subfield code="e">performer.</subfield>
</datafield>
<datafield ind1="1" ind2=" " tag="700">
<subfield code="a">Khan, Habibuddin,</subfield>
<subfield code="e">interviewee,</subfield>
<subfield code="e">performer.</subfield>
</datafield>
<datafield ind1="1" ind2=" " tag="700">
<subfield code="a">Khān, Inām Alī,</subfield>
<subfield code="e">performer.</subfield>
</datafield>
<datafield ind1="1" ind2=" " tag="700">
<subfield code="a">Khan, Karamatullah,</subfield>
<subfield code="d">1917-1977,</subfield>
<subfield code="e">interviewee,</subfield>
<subfield code="e">performer.</subfield>
</datafield>
<datafield ind1="1" ind2=" " tag="700">
<subfield code="a">Khān, Latif Āhmed,</subfield>
<subfield code="d">1942-1989,</subfield>
<subfield code="e">performer.</subfield>
</datafield>
<datafield ind1="1" ind2=" " tag="700">
<subfield code="a">Khan, Wājid Hussain,</subfield>
<subfield code="e">interviewee,</subfield>
<subfield code="e">performer.</subfield>
</datafield>
<datafield ind1="1" ind2=" " tag="700">
<subfield code="a">Khan, Masit,</subfield>
<subfield code="e">interviewee,</subfield>
<subfield code="e">performer.</subfield>
</datafield>
<datafield ind1="0" ind2=" " tag="700">
<subfield code="a">Kishan Maharaj,</subfield>
<subfield code="e">interviewee.</subfield>
</datafield>
<datafield ind1="1" ind2=" " tag="700">
<subfield code="a">Mahārāj, Kanṭhé,</subfield>
<subfield code="e">performer.</subfield>
</datafield>
<datafield ind1="1" ind2=" " tag="700">
<subfield code="a">Shejwal, Arjun,</subfield>
<subfield code="e">performer.</subfield>
</datafield>
<datafield ind1="1" ind2=" " tag="700">
<subfield code="a">Thirakwa, Ahmedjan,</subfield>
<subfield code="c">Ustad,</subfield>
<subfield code="d">1891-1979,</subfield>
<subfield code="e">performer.</subfield>
</datafield>
<datafield ind1="2" ind2=" " tag="710">
<subfield code="a">Sangeet Natak Akademi.</subfield>
</datafield>
<datafield ind1=" " ind2=" " tag="852">
<subfield code="a">Library of Congress</subfield>
<subfield code="b">American Folklife Center,</subfield>
<subfield code="e">
101 Independence Ave. S.E., Washington, DC USA 20540-4610
</subfield>
<subfield code="u">https://hdl.loc.gov/loc.afc/folklife.home</subfield>
</datafield>
<datafield ind1="4" ind2="2" tag="856">
<subfield code="3">Finding aid</subfield>
<subfield code="u">https://hdl.loc.gov/loc.afc/eadafc.af023004</subfield>
</datafield>
<datafield ind1=" " ind2=" " tag="985">
<subfield code="a">afc/coll</subfield>
</datafield>
<datafield ind1=" " ind2=" " tag="985">
<subfield code="a">afc/ead</subfield>
</datafield>
</record>
</collection>